<?xml version="1.0" encoding="UTF-8"?><collection xmlns="http://www.loc.gov/MARC21/slim"><record><leader>00432nam--2200121-i-4500</leader><controlfield tag="001">000031355</controlfield><controlfield tag="002">20161230</controlfield><controlfield tag="005">20161230201038</controlfield><controlfield tag="008">060222s1000------------r-----000-0-eng-d</controlfield><datafield ind1=" " ind2=" " tag="100"><subfield code="a">Mathieu, Jean Et Allais, Andre</subfield></datafield><datafield ind1=" " ind2=" " tag="245"><subfield code="a">Cahiers de synthese organique. methodes et tableaux d`application. collection publiee sous la direction de leon velluz. preface de charles dufraisse</subfield></datafield><datafield ind1=" " ind2=" " tag="260"><subfield code="a">Paris, Masson Et C-ie, 1957-1958</subfield></datafield><datafield ind1=" " ind2=" " tag="852"><subfield code="a">14772</subfield></datafield></record></collection>